%články
@article{benton,
    title = "Space radiation dosimetry in low-Earth orbit and beyond ",
    journaltitle = "Nuclear Instruments and Methods in Physics Research Section B: Beam Interactions with Materials and Atoms ",
    volume = "184",
    number = "1–2",
    pages = "255 - 294",
    year = "2001",
    note = "Advanced Topics in Solid State Dosimetry ",
    issn = "0168-583X",
    url = "http://www.sciencedirect.com/science/article/pii/S0168583X01007480",
    author = "E.R Benton and E.V Benton"
}

@article{dosis,
	author = "T. Berger and others",
	title = "{DOSIS \& DOSIS 3D}: long-term dose monitoring onboard the Columbus Laboratory of the International Space Station {(ISS)}",
	url= "http://dx.doi.org/10.1051/swsc/2016034",
	journaltitle = "J. Space Weather Space Clim.",
	year = "2016",
	volume = "6",
	pages = "39",
}

@article{dosis2,
	author = {{Berger, Thomas} and {Burmeister, Sönke} and {Matthiä, Daniel} and {Przybyla, Bartos} and {Reitz, Günther} and {Bilski, Pawel} and {Hajek, Michael} and {Sihver, Lembit} and {Szabo, Julianna} and {Ambrozova, Iva} and {Vanhavere, Filip} and {Gaza, Ramona} and {Semones, Edward} and {Yukihara, Eduardo G.} and {Benton, Eric R.} and {Uchihori, Yukio} and {Kodaira, Satoshi} and {Kitamura, Hisashi} and {Boehme, Matthias}},
	title = {DOSIS \& DOSIS 3D: radiation measurements with the DOSTEL instruments onboard the Columbus Laboratory of the ISS in the years 2009–2016},
	DOI= "10.1051/swsc/2017005",
	url= "https://doi.org/10.1051/swsc/2017005",
	journaltitle = {J. Space Weather Space Clim.},
	year = 2017,
	volume = 7,
	pages = "A8",
	}


@article{toNemecky,
title = "Characteristic of the radiation field in low earth orbit and in deep space ",
journaltitle = "Zeitschrift für Medizinische Physik ",
volume = "18",
number = "4",
pages = "233 - 243",
year = "2008",
note = "",
issn = "0939-3889",
doi = "https://doi.org/10.1016/j.zemedi.2008.06.015",
url = "http://www.sciencedirect.com/science/article/pii/S0939388908000792",
author = "Guenther Reitz",
keywords = "cosmic radiation",
keywords = "radiation measurementsüsselwörter",
keywords = "kosmische Strahlung",
keywords = "Messungen des Strahlenfeldes "
}


%@article{dosis3,
    author = {{Narici, Livio} and {Casolino, Marco} and {Di Fino, Luca} and {Larosa, Marianna} and {Picozza, Piergiorgio} and {Zaconte, Veronica}},
    title = {Radiation survey in the International Space Station},
    DOI= "10.1051/swsc/2015037",
    url= "https://doi.org/10.1051/swsc/2015037",
    journaltitle = {J. Space Weather Space Clim.},
    year = 2015,
    volume = 5,
    pages = "A37",
}

%@article{spe_iss,
	author = {{Di Fino, Luca} and {Zaconte, Veronica} and {Stangalini, Marco} and {Sparvoli, Roberta} and {Picozza, Piergiorgio} and {Piazzesi, Roberto} and {Narici, Livio} and {Larosa, Marianna} and {Del Moro, Dario} and {Casolino, Marco} and {Berrilli, Francesco} and {Scardigli, Stefano}},
	title = {Solar particle event detected by ALTEA on board the International Space Station - The March 7th, 2012 X5.4 flare},
	DOI= "10.1051/swsc/2014015",
	url= "https://doi.org/10.1051/swsc/2014015",
	journaltitle = {J. Space Weather Space Clim.},
	year = 2014,
	volume = 4,
	pages = "A19",
}

@article{passDetectors,
    author={Ambrožová,I. and Brabcová,K. and Spurný,F. and Shurshakov,V. A. and Kartsev,I. S. and Tolochek,R. V.},
    year={2011},
    title={Monitoring on board spacecraft by means of passive detectors},
    journaltitle={Radiation Protection Dosimetry},
    volume={144},
    number={1-4},
    pages={605-610},
    issn={0144-8420},
    language={English},
}

@phdthesis{thesisKPBrabcova,
    author={Pachnerová Brabcová,K.},
    year={2010},
    school={České vysoké učení technické v Praze, FJFI, Katedra jaderné chemie},
    title={Study and development of track etch detectors for dosimetric purposes: dissertation thesis},
    keywords={spektroskopie; jaderná chemie; dielektrické materiály; detektory částic},
    language={English},
}


@ARTICLE{activeDetectors,
  
AUTHOR={Narici, Livio and Berger, Thomas and Matthiä, Daniel and Reitz, Günther},   
	 
TITLE={Radiation Measurements Performed with Active Detectors Relevant for Human Space Exploration},    
	
journaltitle={Frontiers in Oncology},      
	
VOLUME={5},    

PAGES={273},    
	
YEAR={2015},      
	  
URL={http://journal.frontiersin.org/article/10.3389/fonc.2015.00273},       
	
DOI={10.3389/fonc.2015.00273},      
	
ISSN={2234-943X},   
   
ABSTRACT={A reliable radiation risk assessment in space is a mandatory step for the development of countermeasures and long duration mission planning in human spaceflight.
Research in radiobiology provides information about possible risks linked to radiation. In addition, for a meaningful risk evaluation, the radiation exposure has to be assessed to a sufficient level of accuracy. Consequently, both the radiation models predicting the risks and the measurements used to validate such models must have an equivalent precision. Corresponding measurements can be performed both with passive and active devices. The former are easier to handle, cheaper, lighter and smaller but they measure neither the time dependence of the radiation environment nor some of the details useful for a comprehensive radiation risk assessment. Active detectors provide most of these details and have been extensively used in the International Space Station (ISS).
To easily access such an amount of data, a single point access is becoming essential. This review presents an ongoing work on the development of a tool which allows obtaining information about all relevant measurements performed with active detectors providing reliable inputs for radiation model validation.}
}

%kosmicke zareni
@online{scaleHeight_wiki,
    author={Wikipedia, The Free Encyclopedia},
    organization={Wikipedia, The Free Encyclopedia},
    title={Scale height used in a simple atmospheric pressure model},
    url={https://en.wikipedia.org/wiki/Scale_height#Scale_height_used_in_a_simple_atmospheric_pressure_model},
    date={2017-04-27},
    urldate={2017-05-10},
}
solarCycle
@online{solarCycle_wiki,
    author={Wikipedia, The Free Encyclopedia},
    organization={Wikipedia, The Free Encyclopedia},
    title={Solar Cycle},
    url={https://en.wikipedia.org/wiki/Solar_cycle},
    date={2017-06-04},
    urldate={2017-06-11},
}

%ISS
%NASA, ISS_celek.jpg
@online{ISS_facts,
    author={Mark Garcia},
    title={Station Facts and Figures},
    url={https://www.nasa.gov/feature/facts-and-figures},
    date={2016-05-19},
    organization={NASA},
    urldate={2017-04-17},
}

@online{ISS_gifs,
    author={Hayley Fick and Gary Jordan and Megan Sumner},
    title={16 Years of Station Told in 16 Gifs},
    url={https://www.nasa.gov/feature/16-years-of-station-told-in-16-gifs},
    date={2016-11-02},
    organization={NASA},
    urldate={2017-04-21},
}

@online{ISS_wiki,
    author={Wikipedie, Otevřená encyklopedie},
    organization={Wikipedia, The Free Encyclopedia},
    title={Mezinárodní vesmírná stanice},
    url={https://cs.wikipedia.org/wiki/Mezin%C3%A1rodn%C3%AD_vesm%C3%ADrn%C3%A1_stanice},
    date={2017-04-07},
    urldate={2017-04-18},
}

%ESA
@online{ISS_where,
    author={ESA},
    organization={European Space Agency},
    title={Where is the International Space Station?},
    url={http://www.esa.int/Our_Activities/Human_Spaceflight/International_Space_Station/Where_is_the_International_Space_Station},
    date={2017-04-17},
    urldate={2017-04-21},
}

ISS prodlouzeni do 2024
@online{ISS_about,
    author={ESA},
    title={About the International Space Station},
    url={http://www.esa.int/Our_Activities/Human_Spaceflight/International_Space_Station/About_the_International_Space_Station},
    date={2013-11-19},
    urldate={2017-04-21},
}

@online{ISS_cost,
    author={ESA},
    title={How much does it cost?},
    url={http://www.esa.int/Our_Activities/Human_Spaceflight/International_Space_Station/How_much_does_it_cost},
    date={2013-05-14},
    urldate={2017-04-22},
}

ISS prodlouzeni do 2024
@online{ISS_prodlouzeni,
    author={Tariq Malik},
    title={International Space Station Gets Life Extension Through 2024},
    url={http://www.space.com/24208-international-space-station-extension-2024.html},
    date={2014-01-08},
    urldate={2017-04-21},
}

%columbus_attaching.jpg
@online{columbus_attaching,
    author={Esa},
    title={A view of the European Columbus laboratory attached to the International Space Station},
    url={http://www.esa.int/spaceinimages/Images/2008/02/A_view_of_the_European_Columbus_laboratory_attached_to_the_International_Space_Station},
    date={2008-02-20},
    urldate={2017-04-21},
}

%columbus_outside.jpg
@online{columbus_outside,
    author={Esa},
    title={ESA astronaut Hans Schlegel works on Columbus exterior during the second spacewalk of the STS-122 mission},
    url={http://www.esa.int/spaceinimages/Images/2008/02/ESA_astronaut_Hans_Schlegel_works_on_Columbus_exterior_during_the_second_spacewalk_of_the_STS-122_mission2},
    date={2008-02-15},
    urldate={2017-04-21},
}

%NASA, Columbus Laboratory
@online{columbus,
    author={Jerry Wright},
    title={Station Facts and Figures},
    url={https://www.nasa.gov/mission_pages/station/structure/elements/columbus.html},
    date={2015-07-31},
    organization={NASA},
    urldate={2017-04-22},
}

%detektory
%jadrnickova, spurny 2008; relativni odezva TLD pouzivane NPI
@article{TLD_RR,
title = "Dependence of thermoluminescent detectors relative response on the linear energy transfer; some examples of use ",
journaltitle = "Radiation Measurements ",
volume = "43",
number = "2–6",
pages = "944 - 947",
year = "2008",
note = "Proceedings of the 15th Solid State Dosimetry (SSD15) ",
issn = "1350-4487",
doi = "https://doi.org/10.1016/j.radmeas.2007.11.041",
url = "http://www.sciencedirect.com/science/article/pii/S1350448707005124",
author = "F. Spurný and I. Jadrníčková",
keywords = "Track etch detectors (TEDs)",
keywords = "Thermoluminescent detectors (TLDs)",
keywords = "Linear energy transfer (LET)",
keywords = "LET spectrometry "
}

@article{cesky,
    title="Spektra lineárního přenosu energie kosmického záření získaná detektory stop v pevné fázi metodou per partes",
    author="Pachnerová Brabcová, K. and Ambrožová, I. and Davídková, M. and Nagasaki, Y. and Červenková, A. and Berger, T.",
    journaltitle="Bezpečnosť jadrovej energie",
    volume="25",
    number="3/4",
    pages="110 - 113",
    year="2017",
    language="czech",
    issn="1210-7085"
}

@article{ssntd,
title = "Fluence and dose of mixed space radiation by SSNTDs achievements and constraints ",
journaltitle = "Radiation Measurements ",
volume = "44",
number = "9–10",
pages = "724 - 728",
year = "2009",
note = "Proceedings of the 24th International Conferenceon Nuclear Tracks in Solids ",
issn = "1350-4487",
doi = "https://doi.org/10.1016/j.radmeas.2009.10.045",
url = "http://www.sciencedirect.com/science/article/pii/S1350448709002212",
author = "J.K. Pálfalvi",
keywords = "Space dosimetry",
keywords = "SSNTD",
keywords = "Proton detection "
}

%tracks formation
@article{spikeModel,
author = {R. L. Fleischer and P. B. Price and R. M. Walker},
title = {Ion Explosion Spike Mechanism for Formation of Charged Particle Tracks in Solids},
journaltitle = {Journal of Applied Physics},
volume = {36},
number = {11},
pages = {3645-3652},
year = {1965},
doi = {10.1063/1.1703059},
url = {http://dx.doi.org/10.1063/1.1703059},
eprint = {http://dx.doi.org/10.1063/1.1703059}
}

%objevTED
@article{objevTED,
   author = {{Young}, D.~A.},
    title = {Etching of Radiation Damage in Lithium Fluoride},
  journaltitle = {Nature},
     year = {1958},
   volume = {182},
    pages = {375-377},
      doi = {10.1038/182375a0},
   adsurl = {http://adsabs.harvard.edu/abs/1958Natur.182..375Y},
  adsnote = {Provided by the SAO/NASA Astrophysics Data System}
}

%kyslik a TED
@article{kyslikTED,
   author = {Yamauchi, Tomoya},
    title = {Studies on the nuclear tracks in CR-39 plastics},
  journaltitle = {Radiation Measurements},
     year = {2003},
   volume = {36(1-6)},
    pages = {73-81},
      doi = {10.1016/S1350-4487(03)00099-4},
}

%CR39 wikipedie
@online{CR39_wiki,
    author={Wikipedia, The Free Encyclopedia},
    organization={Wikipedia, The Free Encyclopedia},
    title={CR-39},
    url={https://en.wikipedia.org/wiki/CR-39},
    date={2017-02-16},
    urldate={2017-05-25},
}

%nejistoty
@article{nejistoty,
title = "Uncertainties in linear energy transfer spectra measured with track-etched detectors in space ",
journal = "Nuclear Instruments and Methods in Physics Research Section A: Accelerators, Spectrometers, Detectors and Associated Equipment ",
volume = "713",
number = "",
pages = "5 - 10",
year = "2013",
note = "",
issn = "0168-9002",
doi = "https://doi.org/10.1016/j.nima.2013.03.012",
url = "http://www.sciencedirect.com/science/article/pii/S0168900213002866",
author = "Kateřina Pachnerová Brabcová and Iva Ambrožová and Zlata Kolísková and Alexandr Malušek",
keywords = "CR-39",
keywords = "Linear energy transfer",
keywords = "Uncertainty model",
keywords = "Space dosimetry "
}

%dataTLD_RR
@inproceedings{dataTLD_RR,
    author = {I. Ambrožová and V. A. Shurshakov and R. V. Tolochek and K. Pachnerová Brabcová and J. Kubančák and B. Vlček and F. Spurný},
    title = {Monitoring  onboard  of  iss  with  passive  detectors -- 5 years experience},
    booktitle = {Space Weather Effects on Humans: in Space and on Earth},
    year = {2013},
    url = {http://www.iki.rssi.ru/books/2013breus1.pdf},
    volume = {1},
    location = {Moskva},
    editor = {A.I. Grigoriev and L.M. Zeleny},
    pages = {284 - 291}
}

%dosis
@online{dosis_oulu,
    author={Ilya Usoskin},
    title={Cosmic Ray Station of the University of Oulu},
    url={http://cosmicrays.oulu.fi},
    date={},
    organization={NASA},
    urldate={2017-05-01},
}

@online{dosis_HSP1000,
    author={ODZ ÚJF AVČR},
    title={Mikroskop HSP-1000},
    url={http://cesky.odz.ujf.cas.cz/home/vybaveni/mikroskop-hsp-1ooo},
    date={},
    organization={},
    urldate={2017-05-13},
}

%ambrozova_dvaExperimenty
@article{ambrozova_dvaExperimenty,
title = "Cosmic radiation monitoring at low-Earth orbit by means of thermoluminescence and plastic nuclear track detectors ",
journal = "Radiation Measurements ",
volume = "",
number = "",
pages = " - ",
year = "2016",
note = "",
issn = "1350-4487",
doi = "https://doi.org/10.1016/j.radmeas.2016.12.004",
url = "http://www.sciencedirect.com/science/article/pii/S1350448716304401",
author = "Iva Ambrožová and Kateřina Pachnerová Brabcová and Jan Kubančák and Jakub Šlegl and Raisa V. Tolochek and Olga A. Ivanova and Vyacheslav A. Shurshakov",
keywords = "BION-M1",
keywords = "Cosmic radiation",
keywords = "Low Earth orbit",
keywords = "Passive detector",
keywords = "Thermoluminescent detector",
keywords = "Plastic nuclear track detector "
}

@online{RAM,
    author={NASA},
    title={Radiation Area Monitor (RAM) - 11.22.16},
    url={https://www.nasa.gov/mission_pages/station/research/experiments/236.html},
    date={},
    organization={NASA},
    urldate={2017-06-19},
}

@online{serviceModule,
    author={NASA},
    title={Russian Service Module},
    url={https://www.nasa.gov/multimedia/imagegallery/image_feature_417.html},
    date={2015-12-15},
    organization={NASA},
    urldate={2017-06-19},
}

@online{piers1,
    author={Wikipedia, The Free Encyclopedia},
    title={Pirs (ISS module)},
    url={https://en.wikipedia.org/wiki/Pirs_(ISS_module)},
    date={2017-06-06},
    organization={Wikipedia, The Free Encyclopedia},
    urldate={2017-06-19},
}

%pozn.: clanky rozradit do kapitol (aby by to bylo prehlednejsi)
